
@Article{enablingInternetThings,
	author = {Roy Want And Bill N. Schilit And Scott Jenson},
	title = {Enabling the Internet of things},
	journal = {Computer},
	year = {2015}
}
@Article{phisicalWebSmartCities,
	author = {Dmitry Namiot and Manfred Sneps-Sneppe},
	title = {The Physical Web in Smart Cities},
	journal = {Advances in Wireless and Optical Communications},
	year = {2015}
}

@InProceedings{recognitionQRCodeMobile,
	author = {Yue Liu and Ju Yang and Mingjun Liu},
	title = {Recognition of {QR} Code with mobile phones},
	booktitle = {Control and Decision Conference},
	OPTyear = {2008},
}


@Article{smartObjectBlock,
	author = {Gerd Kortuem and Fahim Kawsar and Vasughi Sundramoorthy},
	title = {Smart objects as building blocks
	for the Internet of things},
	journal = {IEEE Internet Computing},
	year = {2009}
}
@Article{evolutionWirelesSensorNetworks,
	author = {Luca Mainetti and Luigi Patrono and Antonio Vilei},
	title = {Evolution of wireless sensor networks towards the Internet of Things: A survey},
	journal = {Telecommunications and Computer Networks},
	year = {2011}
}

@Article{fromTodayFutureInternet,
	author = {Michele Zorzi and Alexander Gluhak and Sebastian Lange},
	title = {From today's INTRAnet of things to a future INTERnet of things: a wireless and mobility-related view},
	journal = {IEEE Wireless Communicationss},
	year = {2010}
}



